@report{nybo2023,
	title = {Indikatorer for økologisk tilstand i våtmark, semi-naturlig mark og naturlig åpne områder under skoggrensa},
	rights = {All rights reserved},
	url = {https://brage.nina.no/nina-xmlui/handle/11250/3096724},
	institution = {Norwegian Institute for Nature Research},
	author = {{Nybø} and {Anders L. Kolstad} and {Hanno Sandvik} and {Vegar Bakkestuen} and {Marianne Evju} and {Erik Framstad} and {Matthew Grainger} and {Jane U. Jepsen} and {Chloé R. Nater} and {James D.M. Speed} and {Joachim P. Töpper} and {Zander Venter} and {Jens Åström} and {Sandra C.H. Åström} and {Tessa B. Bargmann} and {Hanna M. Silvennoinen} and {Markus A.K. Sydenham}},
	date = {2023},
	langid = {norwegian},
	file = {Nybø - Indikatorer for økologisk tilstand i våtmark, semi.pdf:C\:\\Users\\anders.kolstad\\Zotero\\storage\\73ZWI5JJ\\Nybø - Indikatorer for økologisk tilstand i våtmark, semi.pdf:application/pdf},
}

@misc{mdir2023,
	title = {Naturtyper - Miljødirektoratets Instruks},
	url = {https://kartkatalog.miljodirektoratet.no/Dataset/Details/2031},
	author = {{Miljødirektoratet}},
	date = {2023-01-01},
}

@book{jrc2022,
	location = {{LU}},
	title = {{EU}-wide methodology to map and assess ecosystem condition: towards a common approach consistent with a global statistical standard},
	isbn = {978-92-76-57029-5},
	url = {https://data.europa.eu/doi/10.2760/13048},
	shorttitle = {{EU}-wide methodology to map and assess ecosystem condition},
	abstract = {The {EU} Biodiversity Strategy for 2030 calls for developing an {EU}-wide methodology to map, assess and achieve good condition of ecosystems, so they can deliver benefits to society through the provision of ecosystem services. The {EU}-wide methodology presented in this report addresses this methodological gap, taking into account the most recent developments on ecosystem condition assessment, such as the global statistical standard on ecosystem accounts.},
	publisher = {Publications Office of the European Union},
	author = {Vallecillo, S. and Maes, J. and Teller, A. and Babí Almenar, J. and Barredo, J. I. and Trombetti, M. and Abdul Malak, D. and Paracchini, M. L. and Carré, A. and Addamo, A. M. and Czúcz, B. and Zulian, G. and Marando, F. and Erhard, M. and Liquete, C. and Romao, C. and Polce, C. and Pardo Valle, A. and Jones, A. and Zurbaran-Nucci, M. and Nocita, M. and Vysna, V. and Cardoso, A. C. and Gervasini, E. and Magliozzi, C. and Baritz, R. and Barbero, M. and Andre, V. and Kokkoris, I. P. and Dimopoulos, P. and Kovacevic, V. and Gumbert, A.},
	urldate = {2023-11-17},
	date = {2022},
}
